<?xml version="1.0" encoding="UTF-8"?><collection xmlns="http://www.loc.gov/MARC21/slim"><record><leader>00412nam--2200133-i-4500</leader><controlfield tag="001">000049830</controlfield><controlfield tag="002">20161230</controlfield><controlfield tag="005">20161230201047</controlfield><controlfield tag="008">060222s1000------------r-----000-0-eng-d</controlfield><datafield ind1=" " ind2=" " tag="080"><subfield code="a">539.17.017</subfield></datafield><datafield ind1=" " ind2=" " tag="100"><subfield code="a">Artykov,I.Z., Barashenkov,V.S., Eliseev,S.M</subfield></datafield><datafield ind1=" " ind2=" " tag="245"><subfield code="a">Heuprugie vzaimodeistviia kosmicheskih chastic s atomnymi iadrami pri vysokih energiah</subfield></datafield><datafield ind1=" " ind2=" " tag="260"><subfield code="a">Dubna, Inst.Iad.Issled.,1966. 26 S</subfield></datafield><datafield ind1=" " ind2=" " tag="852"><subfield code="a">23310</subfield></datafield></record></collection>